@manual{sample,
  author = {TU Dortmund},
  title = {Versuch zum Literaturverzeichnis},
  year = 2014
}

@article{abstand,
	author = {Maximilian Sackel, Philip Sch√§fers},
	title = {Der ReinstGermanium-Detektor als
          Instrument der Gamma-Spektroskopie},
	year= 2017
}
