@manual{sample,
  author = "TU Dortmund, Physikalisches Praktikum",
  title = "Versuchsanleitung zu V01",
  url = "http://129.217.224.2/HOMEPAGE/PHYSIKER/BACHELOR/FP/SKRIPT/V01.pdf",
  date = "2017-06-27."
}

@online{wolfram,
  author = "Wolfram|Alpha Knowledgebase",
  year = 2014,
  url = "http://www.wolframalpha.com/input/?i=mean+lifetime+muon+%2B+and+muon+-"
}

@book{lebensdauer,
  author = "K.A. Olive et al.",
  title = "Particle Physics Booklet",
  year = 2014
}

@online{poisson,
  author = "TU Dresden, J.Henniger R.Schwierz",
  url = "https://tu-dresden.de/mn/physik/ressourcen/dateien/studium/lehrveranstaltungen/praktika/pdf/PV.pdf?lang=en",
  date = "2017-07-17"
}
