@manual{Anleitung,
  author = {TU Dortmund},
  title = {Dipolrelaxation in Ionenkristallen},
  year = 2017
}
