@manual{sample,
  author = {TU Dortmund},
  title = {Versuchsanleitung, Versuch V25: Der Stern-Gerlach-Versuch},
  url = "http://129.217.224.2/HOMEPAGE/PHYSIKER/BACHELOR/FP/SKRIPT/SternGerlach.pdf",
  year = 2017
}
@misc{nist,
  title = {Fundamental Physical Constants, Bohr magneton},
  howpublished = {\url{http://physics.nist.gov/cgi-bin/cuu/Value?mub}},
  note = {Aufgerufen am 26.06.2017}
}
