@manual{sample1,
  author = {Rene Matzdorf, Universität Kassel},
  title = {Quantum Analogs Chapter 1 Student Manual },
  year = 2009
}

@manual{sample2,
  author = {Rene Matzdorf, Universität Kassel},
  title = {Quantum Analogs Chapter 2 Student Manual },
  year = 2009
}

@manual{sample4,
  author = {Rene Matzdorf, Universität Kassel},
  title = {Quantum Analogs Chapter 4 Student Manual },
  year = 2009
}

@BOOK{giancoli,
  author = {Douglas C. Giancoli},
  title = {Physik},
  publisher="Pearson Deutschland GmbH"
  year = 2010
}